@online{kutz2023,
author = {Anna Kutz},
title = {'Fascinating history': Iowa's relationship with alcohol, explained},
year = {2023},
url = {https://www.weareiowa.com/article/life/food/history-of-alcohol-iowa-beer-wine-prohibition-era-hull-avenue-tavern/524-aa3125b8-7668-4803-881c-735c86060b46}
}

@online{hist2009,
  author       = {History.com Editors},
  title        = {Prohibition},
  year         = {2009},
  url          = {https://www.history.com/topics/roaring-twenties/prohibition},
}

@online{axios2024,
author = {Linh Ta},
title = {Binge drinking rates are higher in Iowa than other states},
year = {2024},
url = {https://www.axios.com/local/des-moines/2024/01/25/binge-drinking-rates-higher-iowa-midwest}
}

@article{campbell2009effectiveness,
  title={The effectiveness of limiting alcohol outlet density as a means of reducing excessive alcohol consumption and alcohol-related harms},
  author={Campbell, Carla Alexia and Hahn, Robert A and Elder, Randy and Brewer, Robert and Chattopadhyay, Sajal and Fielding, Jonathan and Naimi, Timothy S and Toomey, Traci and Lawrence, Briana and Middleton, Jennifer Cook and others},
  journal={American journal of preventive medicine},
  volume={37},
  number={6},
  pages={556--569},
  year={2009},
  publisher={Elsevier}
}

@article{islam2022usefulness,
  title={The usefulness of socio-demographic variables in predicting purchase decisions: Evidence from machine learning procedures},
  author={Islam, Towhidul and Meade, Nigel and Carson, Richard T and Louviere, Jordan J and Wang, Juan},
  journal={Journal of Business Research},
  volume={151},
  pages={324--338},
  year={2022},
  publisher={Elsevier}
}


@article{wilcox2015beer,
  title={Beer, wine, or spirits? Advertising's impact on four decades of category sales},
  author={Wilcox, Gary B and Kang, Eun Yeon and Chilek, Lindsay A},
  journal={International Journal of Advertising},
  volume={34},
  number={4},
  pages={641--657},
  year={2015},
  publisher={Taylor \& Francis}
}

@article{delker2016alcohol,
  title={Alcohol consumption in demographic subpopulations: an epidemiologic overview},
  author={Delker, Erin and Brown, Qiana and Hasin, Deborah S},
  journal={Alcohol research: current reviews},
  volume={38},
  number={1},
  pages={7},
  year={2016},
  publisher={National Institute on Alcohol Abuse and Alcoholism}
}

@article{babor2010alcohol,
  title={Alcohol: no ordinary commodity: research and public policy},
  author={Babor, Thomas},
  year={2010},
  publisher={Oxford University Press, USA}
}

@article{anderson2000race,
  title={Race and ethnicity and the controversy over the US Census},
  author={Anderson, Margo and Fienberg, Stephen E},
  journal={Current Sociology},
  volume={48},
  number={3},
  pages={87--110},
  year={2000},
  publisher={Sage Publications}
}

@online{penn_state_extension,
  title = {Alcoholic Beverage Consumption and Purchasing Trends},
  author = {K. Kelley},
  year = {2024},
  url = {https://extension.psu.edu/alcoholic-beverage-consumption-and-purchasing-trends-2024},
  note = {Accessed: 2024-09-12}
}

@online{iowa_liquor_sales_data,
  title = {Iowa Liquor Sales Data},
  howpublished = {\url{https://data.iowa.gov/Sales-Distribution/2021-Iowa-Liquor-Sales/cc6f-sgik}},
  year = {2021},
  note = {Accessed: 2024-09-12}
}

@online{iowa_liquor_sales_snapshot,
  title = {Iowa Enterprise Data Liquor Sales Snapshot},
  howpublished = {\url{https://mydata.iowa.gov/stories/s/Iowa-Liquor-Sales-Last-Month-Snapshot/9dck-qvwu/}},
  year = {2021},
  note = {Accessed: 2024-09-12}
}

@online{columbia_study,
  title = {Study shows uptick in U.S. alcohol beverage sales during COVID-19 pandemic},
  howpublished = {\url{https://www.publichealth.columbia.edu/news/study-shows-uptick-u-s-alcohol-beverage-sales-during-covid-19-pandemic}},
  year = {2021},
  note = {Accessed: 2024-09-12}
}

@online{harvard_sober_curious,
  title = {Can the Sober Curious Trend Change U.S. Alcohol Consumption?},
  howpublished = {\url{https://harvardpublichealth.org/policy-practice/can-the-sober-curious-trend-change-u-s-alcohol-consumption/}},
  year = {2023},
  note = {Accessed: 2024-09-12}
}

@online{iowa_sales_revisited,
  title = {Alcohol Availability and Consumption: Iowa Sales Data Revisited},
  howpublished = {\url{https://pubmed.ncbi.nlm.nih.gov/1405642/}},
  year = {2024},
  note = {Accessed: 2024-09-12}
}

@misc{census,
    author = {United States Census Bureau},
    title = {State Iowa},
    year = 2022,
    note = {Accessed: 09-01-2024},
    url = {https://data.census.gov/profile/Iowa?g=040XX00US19}
}

@misc{liquor-sales,
    author = {Alcoholic Beverages Division Commerce},
    title = {Iowa Liquor Sales},
    year = {2024}, 
    note = {Accessed: 09-01-2024},
    url = {https://data.iowa.gov/Sales-Distribution/Iowa-Liquor-Sales/m3tr-qhgy/about_data}
}